@inproceedings{hemmati2013msr,
  title={The msr cookbook: Mining a decade of research},
  author={Hemmati, Hadi and Nadi, Sarah and Baysal, Olga and Kononenko, Oleksii and Wang, Wei and Holmes, Reid and Godfrey, Michael W},
  booktitle={2013 10th Working Conference on Mining Software Repositories (MSR)},
  pages={343--352},
  year={2013},
  organization={IEEE}
}

@article{matsubara2023moving,
  title={Moving on from the software engineers' gambit: an approach to support the defense of software effort estimates},
  author={Matsubara, Patr{\'\i}cia and Steinmacher, Igor and Gadelha, Bruno and Conte, Tayana},
  journal={arXiv preprint arXiv:2302.07229},
  year={2023}
}

@article{khomh2018software,
  title={Software engineering for machine-learning applications: The road ahead},
  author={Khomh, Foutse and Adams, Bram and Cheng, Jinghui and Fokaefs, Marios and Antoniol, Giuliano},
  journal={IEEE Software},
  volume={35},
  number={5},
  pages={81--84},
  year={2018},
  publisher={IEEE}
} 

@inproceedings{amershi2019software,
  title={Software engineering for machine learning: A case study},
  author={Amershi, Saleema and Begel, Andrew and Bird, Christian and DeLine, Robert and Gall, Harald and Kamar, Ece and Nagappan, Nachiappan and Nushi, Besmira and Zimmermann, Thomas},
  booktitle={2019 IEEE/ACM 41st International Conference on Software Engineering: Software Engineering in Practice (ICSE-SEIP)},
  pages={291--300},
  year={2019},
  organization={IEEE}
}

@article{giray2021software,
  title={A software engineering perspective on engineering machine learning systems: State of the art and challenges},
  author={Giray, G{\"o}rkem},
  journal={Journal of Systems and Software},
  volume={180},
  pages={111031},
  year={2021},
  publisher={Elsevier}
}

@article{wan2019does,
  title={How does machine learning change software development practices?},
  author={Wan, Zhiyuan and Xia, Xin and Lo, David and Murphy, Gail C},
  journal={IEEE Transactions on Software Engineering},
  volume={47},
  number={9},
  pages={1857--1871},
  year={2019},
  publisher={IEEE}
}
@inproceedings{rahimi2019toward,
  title={Toward requirements specification for machine-learned components},
  author={Rahimi, Mona and Guo, Jin LC and Kokaly, Sahar and Chechik, Marsha},
  booktitle={2019 IEEE 27th International Requirements Engineering Conference Workshops (REW)},
  pages={241--244},
  year={2019},
  organization={IEEE}
}

@incollection{garousi2020benefitting,
  title={Benefitting from the grey literature in software engineering research},
  author={Garousi, Vahid and Felderer, Michael and M{\"a}ntyl{\"a}, Mika V and Rainer, Austen},
  booktitle={Contemporary Empirical Methods in Software Engineering},
  pages={385--413},
  year={2020},
  publisher={Springer}
}

@inproceedings{williams2017toward,
  title={Toward the use of blog articles as a source of evidence for software engineering research},
  author={Williams, Ashley and Rainer, Austen},
  booktitle={Proceedings of the 21st International Conference on Evaluation and Assessment in Software Engineering},
  pages={280--285},
  year={2017}
}